@book{stevens1994tcp,
  title={TCP/IP Illustrated, Volume 1 The Protocols},
  author={Stevens, W. Richard},
  year={1994},
  edition={2nd},
  publisher={Addison-Wesley Professional}
}

@online{raspberrypi,
  title={Raspberry Pi},
  url={https://www.raspberrypi.com/},
  urldate={2023-06-14}
}

@online{pihole,
  title={Pi-hole},
  url={https://pi-hole.net/},
  urldate={2023-06-14}
}

@online{tailscale,
  title={Tailscale},
  url={https://tailscale.com/},
  urldate={2023-06-14}
}

@online{piholeBLog,
  title={The Worldâ€™s Greatest Pi-hole Tutorial},
  url={https://www.crosstalksolutions.com/the-worlds-greatest-pi-hole-and-unbound-tutorial-2023/},
  urldate={2023-06-14}
}

@online{smbBlog,
  title={Raspberry Pi Samba Server},
  url={https://tutorials-raspberrypi.com/raspberry-pi-samba-server-share-files-in-the-local-network/?utm_content=cmp-true},
  urldate={2023-06-14}
}

@online{ytScript,
  title={Shell Scripting Tutorial for Beginners},
  url={https://www.youtube.com/playlist?list=PLS1QulWo1RIYmaxcEqw5JhK3b-6rgdWO_},
  urldate={2023-06-14}
}

